@article{RN1,
   author = {Charlesworth, D.},
   title = {Balancing selection and its effects on sequences in nearby genome regions},
   journal = {PLoS Genet},
   volume = {2},
   number = {4},
   pages = {e64},
   ISSN = {1553-7390 (Print)
1553-7390},
   DOI = {10.1371/journal.pgen.0020064},
   year = {2006},
   type = {Journal Article}
}

@article{RN2,
   author = {Fijarczyk, A. and Babik, W.},
   title = {Detecting balancing selection in genomes: limits and prospects},
   journal = {Mol Ecol},
   volume = {24},
   number = {14},
   pages = {3529-45},
   ISSN = {0962-1083},
   DOI = {10.1111/mec.13226},
   year = {2015},
   type = {Journal Article}
}

@article{RN16,
   author = {Garud, N. R. and Rosenberg, N. A.},
   title = {Enhancing the mathematical properties of new haplotype homozygosity statistics for the detection of selective sweeps},
   journal = {Theor Popul Biol},
   volume = {102},
   pages = {94-101},
   ISSN = {0040-5809 (Print)
0040-5809},
   DOI = {10.1016/j.tpb.2015.04.001},
   year = {2015},
   type = {Journal Article}
}

@article{RN7,
   author = {Gos, G. and Slotte, T. and Wright, S. I.},
   title = {Signatures of balancing selection are maintained at disease resistance loci following mating system evolution and a population bottleneck in the genus Capsella},
   journal = {BMC Evol Biol},
   volume = {12},
   pages = {152},
   ISSN = {1471-2148},
   DOI = {10.1186/1471-2148-12-152},
   year = {2012},
   type = {Journal Article}
}

@article{RN6,
   author = {Hough, Josh and Williamson, Robert J. and Wright, Stephen I.},
   title = {Patterns of Selection in Plant Genomes},
   journal = {Annual Review of Ecology, Evolution, and Systematics},
   volume = {44},
   number = {1},
   pages = {31-49},
   DOI = {10.1146/annurev-ecolsys-110512-135851},
   url = {https://www.annualreviews.org/doi/abs/10.1146/annurev-ecolsys-110512-135851},
   year = {2013},
   type = {Journal Article}
}

@article{RN11,
   author = {Josephs, E. B. and Lee, Y. W. and Stinchcombe, J. R. and Wright, S. I.},
   title = {Association mapping reveals the role of purifying selection in the maintenance of genomic variation in gene expression},
   journal = {Proc Natl Acad Sci U S A},
   volume = {112},
   number = {50},
   pages = {15390-5},
   ISSN = {0027-8424 (Print)
0027-8424},
   DOI = {10.1073/pnas.1503027112},
   year = {2015},
   type = {Journal Article}
}

@article{RN8,
   author = {Koenig, D. and Hagmann, J. and Li, R. and Bemm, F. and Slotte, T. and Neuffer, B. and Wright, S. I. and Weigel, D.},
   title = {Long-term balancing selection drives evolution of immunity genes in Capsella},
   journal = {Elife},
   volume = {8},
   ISSN = {2050-084x},
   DOI = {10.7554/eLife.43606},
   year = {2019},
   type = {Journal Article}
}

@article{RN3,
   author = {Lewontin, R. C. and Hubby, J. L.},
   title = {A molecular approach to the study of genic heterozygosity in natural populations. II. Amount of variation and degree of heterozygosity in natural populations of Drosophila pseudoobscura},
   journal = {Genetics},
   volume = {54},
   number = {2},
   pages = {595-609},
   ISSN = {0016-6731 (Print)
0016-6731},
   DOI = {10.1093/genetics/54.2.595},
   year = {1966},
   type = {Journal Article}
}

@article{RN17,
   author = {Mi, H. and Muruganujan, A. and Casagrande, J. T. and Thomas, P. D.},
   title = {Large-scale gene function analysis with the PANTHER classification system},
   journal = {Nat Protoc},
   volume = {8},
   number = {8},
   pages = {1551-66},
   ISSN = {1754-2189 (Print)
1750-2799},
   DOI = {10.1038/nprot.2013.092},
   year = {2013},
   type = {Journal Article}
}

@article{RN13,
   author = {Nei, M. and Li, W. H.},
   title = {Mathematical model for studying genetic variation in terms of restriction endonucleases},
   journal = {Proc Natl Acad Sci U S A},
   volume = {76},
   number = {10},
   pages = {5269-73},
   ISSN = {0027-8424 (Print)
0027-8424},
   DOI = {10.1073/pnas.76.10.5269},
   year = {1979},
   type = {Journal Article}
}

@article{RN14,
   author = {Sabeti, P. C. and Reich, D. E. and Higgins, J. M. and Levine, H. Z. and Richter, D. J. and Schaffner, S. F. and Gabriel, S. B. and Platko, J. V. and Patterson, N. J. and McDonald, G. J. and Ackerman, H. C. and Campbell, S. J. and Altshuler, D. and Cooper, R. and Kwiatkowski, D. and Ward, R. and Lander, E. S.},
   title = {Detecting recent positive selection in the human genome from haplotype structure},
   journal = {Nature},
   volume = {419},
   number = {6909},
   pages = {832-7},
   ISSN = {0028-0836 (Print)
0028-0836},
   DOI = {10.1038/nature01140},
   year = {2002},
   type = {Journal Article}
}

@article{RN9,
   author = {Sabeti, P. C. and Schaffner, S. F. and Fry, B. and Lohmueller, J. and Varilly, P. and Shamovsky, O. and Palma, A. and Mikkelsen, T. S. and Altshuler, D. and Lander, E. S.},
   title = {Positive natural selection in the human lineage},
   journal = {Science},
   volume = {312},
   number = {5780},
   pages = {1614-20},
   ISSN = {0036-8075},
   DOI = {10.1126/science.1124309},
   year = {2006},
   type = {Journal Article}
}

@article{RN4,
   author = {Sato, D. X. and Kawata, M.},
   title = {Positive and balancing selection on SLC18A1 gene associated with psychiatric disorders and human-unique personality traits},
   journal = {Evol Lett},
   volume = {2},
   number = {5},
   pages = {499-510},
   ISSN = {2056-3744},
   DOI = {10.1002/evl3.81},
   year = {2018},
   type = {Journal Article}
}

@article{RN18,
   author = {Slusarenko, A. J. and Schlaich, N. L.},
   title = {Downy mildew of Arabidopsis thaliana caused by Hyaloperonospora parasitica (formerly Peronospora parasitica)},
   journal = {Mol Plant Pathol},
   volume = {4},
   number = {3},
   pages = {159-70},
   ISSN = {1364-3703},
   DOI = {10.1046/j.1364-3703.2003.00166.x},
   year = {2003},
   type = {Journal Article}
}

@article{RN15,
   author = {Szpiech, Z. A. and Hernandez, R. D.},
   title = {selscan: an efficient multithreaded program to perform EHH-based scans for positive selection},
   journal = {Mol Biol Evol},
   volume = {31},
   number = {10},
   pages = {2824-7},
   ISSN = {0737-4038 (Print)
0737-4038},
   DOI = {10.1093/molbev/msu211},
   year = {2014},
   type = {Journal Article}
}

@article{RN12,
   author = {Tajima, F.},
   title = {Statistical method for testing the neutral mutation hypothesis by DNA polymorphism},
   journal = {Genetics},
   volume = {123},
   number = {3},
   pages = {585-95},
   ISSN = {0016-6731 (Print)
0016-6731},
   DOI = {10.1093/genetics/123.3.585},
   year = {1989},
   type = {Journal Article}
}